@article{desper99,
  title={Inferring tree models for oncogenesis from comparative genome hybridization data},
  author={Desper, Richard and Jiang, Feng and Kallioniemi, Olli-P and Moch, Holger and Papadimitriou, Christos H and Sch{\"a}ffer, Alejandro A},
  journal={Journal of computational biology},
  volume={6},
  number={1},
  pages={37--51},
  year={1999}
}

@article{fearon90,
  title={A genetic model for colorectal tumorigenesis},
  author={Fearon, Eric R and Vogelstein, Bert},
  journal={Cell},
  volume={61},
  number={5},
  pages={759--767},
  year={1990}
}